@misc{LV3repo,
	author = {Shields, Joe and Zabel, Ian and Elwood, Leslie and Slocum, Jack and Arnold, Sam},
	title = {LV3 Airframe Repository},
	month = Aug,
	year = {2016},
	url = {https://github.com/psas/lv3.0-airframe},
	howpublished = "\url{https://github.com/psas/lv3.0-airframe}"
}

@article{OR,
	title={OpenRocket technical documentation},
	author={Niskanen, Sampo},
	year={2013},
	url= {http://openrocket.sourceforge.net/techdoc.pdf}
}
